@Book{livro,
  author = 	 {R. L. Burden and J. D. Faires},
  title = 	 {Numerical Analysis, 9th Edition},
  publisher = 	 {Brooks/Cole, Cengage Learning},
  year = 	 {2011},
  abstract= "ok"
}

@article{MIT,
  author = 	 {MIT Materials Science and Engineering},
  title = 	 {1­D Thermal Diffusion Equation and Solutions},
  institution =  {MIT},
  year = 	 {2003},
  abstract= "ok",
  note = ""
}

@article{ufsc_geracao_de_calor,
    author = "UFSC",
    title = "A Equação de Calor",
    year = "2016",
    abstract= "ok",
    note = ""
}

@article{splines,
    institution =  {University of Iowa},
    title = 	 {MATLAB spline interpolation example - http://homepage.math.uiowa.edu/~atkinson/ftp/ENA\_Materials/Misc\_Materials/spline\_matlab\_example.txt},
    abstract= "ok",
    note = ""
}
